<?xml version="1.0" encoding="UTF-8"?>
<marc:collection xmlns:marc="http://www.loc.gov/MARC21/slim" xmlns:xsi="http://www.w3.org/2001/XMLSchema-instance" xsi:schemaLocation="http://www.loc.gov/MARC21/slim http://www.loc.gov/standards/marcxml/schema/MARC21slim.xsd">
   <marc:record type="Bibliographic">
      <marc:leader>01558cam a2200313 a 4500</marc:leader>
      <marc:controlfield tag="001">2745325</marc:controlfield>
      <marc:controlfield tag="003">NjP</marc:controlfield>
      <marc:controlfield tag="005">20100809204923.0</marc:controlfield>
      <marc:controlfield tag="008">850628s1965    iq            100 0 araod</marc:controlfield>
      <marc:datafield tag="024" ind1="7" ind2=" ">
         <marc:subfield code="a">princeton_aco000134</marc:subfield>
         <marc:subfield code="2">local</marc:subfield>
      </marc:datafield>
      <marc:datafield tag="035" ind1=" " ind2=" ">
         <marc:subfield code="a">(OCoLC)ocn178093402</marc:subfield>
      </marc:datafield>
      <marc:datafield tag="035" ind1=" " ind2=" ">
         <marc:subfield code="a">(OCoLC)ocm12212362</marc:subfield>
      </marc:datafield>
      <marc:datafield tag="035" ind1=" " ind2=" ">
         <marc:subfield code="a">(OCoLC)178093402</marc:subfield>
      </marc:datafield>
      <marc:datafield tag="035" ind1=" " ind2=" ">
         <marc:subfield code="9">CND6208TS</marc:subfield>
      </marc:datafield>
      <marc:datafield tag="035" ind1=" " ind2=" ">
         <marc:subfield code="a">(NjP)2745325</marc:subfield>
      </marc:datafield>
      <marc:datafield tag="040" ind1=" " ind2=" ">
         <marc:subfield code="a">WAU</marc:subfield>
         <marc:subfield code="c">PUL</marc:subfield>
         <marc:subfield code="d">PUL</marc:subfield>
      </marc:datafield>
      <marc:datafield tag="049" ind1=" " ind2=" ">
         <marc:subfield code="a">PULL</marc:subfield>
      </marc:datafield>
      <marc:datafield tag="079" ind1=" " ind2=" ">
         <marc:subfield code="a">ocm12212362</marc:subfield>
      </marc:datafield>
      <marc:datafield tag="111" ind1="2" ind2=" ">
         <marc:subfield code="a">Muʼtamar al-Udabāʼ al-ʻArab</marc:subfield>
         <marc:subfield code="n">(5th :</marc:subfield>
         <marc:subfield code="d">1965 :</marc:subfield>
         <marc:subfield code="c">Baghdad, Iraq)</marc:subfield>
      </marc:datafield>
      <marc:datafield tag="245" ind1="1" ind2="0">
         <marc:subfield code="6">880-01</marc:subfield>
         <marc:subfield code="a">Dawr al-adab fī maʻrakat al-taḥrīr wa-al-bināʼ :</marc:subfield>
         <marc:subfield code="b">Muʼtamar al-Udabāʼ al-ʻArab al-Khāmis, 15-21 Shubāṭ 1965, Baghdād.</marc:subfield>
      </marc:datafield>
      <marc:datafield tag="260" ind1=" " ind2=" ">
         <marc:subfield code="6">880-02</marc:subfield>
         <marc:subfield code="a">Baghdād :</marc:subfield>
         <marc:subfield code="b">ʻAbd al-Ḥamīd al-ʻĀnī,</marc:subfield>
         <marc:subfield code="c">1965.</marc:subfield>
      </marc:datafield>
      <marc:datafield tag="300" ind1=" " ind2=" ">
         <marc:subfield code="a">2 v. ;</marc:subfield>
         <marc:subfield code="c">25 cm.</marc:subfield>
      </marc:datafield>
      <marc:datafield tag="505" ind1="0" ind2=" ">
         <marc:subfield code="6">880-03</marc:subfield>
         <marc:subfield code="a">al-qism 1. Waqāʼiʻ al-muʼtamar, al-Adab wa-Filasṭīn, al-Adab wa-al-turāth -- al-qism 2. al-Adab wa-al-thawrah, al-Adab wa-al-bināʼ.</marc:subfield>
      </marc:datafield>
      <marc:datafield tag="650" ind1=" " ind2="0">
         <marc:subfield code="a">Arabic literature</marc:subfield>
         <marc:subfield code="y">20th century</marc:subfield>
         <marc:subfield code="v">Congresses.</marc:subfield>
      </marc:datafield>
      <marc:datafield tag="880" ind1="1" ind2="0">
         <marc:subfield code="6">245-01/r</marc:subfield>
         <marc:subfield code="a">دور الادب في معركة التحرير والبناء :</marc:subfield>
         <marc:subfield code="b">مؤتمر الادباء العرب الخامس، 15-21 شباط 1965، بغداد.</marc:subfield>
      </marc:datafield>
      <marc:datafield tag="880" ind1=" " ind2=" ">
         <marc:subfield code="6">260-02/r</marc:subfield>
         <marc:subfield code="a">بغداد :</marc:subfield>
         <marc:subfield code="b">عبد الحميد العاني،</marc:subfield>
         <marc:subfield code="c">1965.</marc:subfield>
      </marc:datafield>
      <marc:datafield tag="880" ind1="0" ind2=" ">
         <marc:subfield code="6">505-03/r</marc:subfield>
         <marc:subfield code="a">القسم 1. وقائع المؤتمر، الادب وفلسطين، الادب والتراث  القسم 2. الادب والثورة، الادب والبناء.</marc:subfield>
      </marc:datafield>
      <marc:datafield tag="852" ind1="0" ind2=" ">
         <marc:subfield code="b">nec</marc:subfield>
         <marc:subfield code="h">PJ7501</marc:subfield>
         <marc:subfield code="i">.M883 1965</marc:subfield>
         <marc:subfield code="p">3056008</marc:subfield>
         <marc:subfield code="x">reclassed from: 2252.66565.1965</marc:subfield>
      </marc:datafield>
      <marc:datafield tag="911" ind1=" " ind2=" ">
         <marc:subfield code="a">20000130</marc:subfield>
      </marc:datafield>
      <marc:datafield tag="994" ind1=" " ind2=" ">
         <marc:subfield code="a">C0</marc:subfield>
         <marc:subfield code="b">PUL</marc:subfield>
      </marc:datafield>
      <marc:datafield tag="999" ind1=" " ind2=" ">
         <marc:subfield code="a">2745325</marc:subfield>
      </marc:datafield>
   </marc:record>
</marc:collection>
